<?xml version="1.0" encoding="UTF-8"?><collection xmlns="http://www.loc.gov/MARC21/slim"><record><leader>00506nam--2200181-u-4500</leader><controlfield tag="001">000052449</controlfield><controlfield tag="002">20161230</controlfield><controlfield tag="005">20161230201050</controlfield><controlfield tag="008">100714s1000------------r-----000-0-eng-d</controlfield><datafield ind1=" " ind2=" " tag="040"><subfield code="a">IFIN-HH</subfield></datafield><datafield ind1=" " ind2=" " tag="080"><subfield code="a">517.9:532.5</subfield></datafield><datafield ind1="1" ind2=" " tag="100"><subfield code="a">Stewartson, K</subfield></datafield><datafield ind1="1" ind2="0" tag="245"><subfield code="a">The Theory Laminar Boundary Layers in Compressible Fluids</subfield><subfield code="c">K. Stewartson</subfield></datafield><datafield ind1=" " ind2=" " tag="260"><subfield code="a">Oxford</subfield><subfield code="b">At the Calderon Press</subfield><subfield code="c">1964</subfield></datafield><datafield ind1=" " ind2=" " tag="300"><subfield code="a">191 p</subfield></datafield><datafield ind1=" " ind2=" " tag="490"><subfield code="a">Oxford Mathematical Monographs</subfield></datafield><datafield ind1=" " ind2=" " tag="852"><subfield code="a">24449</subfield><subfield code="c">532</subfield></datafield><datafield ind1=" " ind2=" " tag="CAT"><subfield code="a">Sys</subfield><subfield code="c">20100714</subfield><subfield code="h">084722</subfield></datafield></record></collection>